% Encoding: UTF-8

@INPROCEEDINGS{Hajnal:CriticalESN,
  author = {Hajnal, M\'{a}rton Albert and L{\"o}rincz, Andr\'{a}s},
  title = {Critical {E}cho {S}tate {N}etworks},
  booktitle = {Proceedings of the 16th International Conference on Artificial Neural Networks (ICANN 2006)},
  year = {2006},
  pages = {658-667}
}

@INPROCEEDINGS{Bengio:ScalingLearningAlgorithms,
  author = {Bengio, Yoshua and LeCun, Yann},
  title = {Scaling learning algorithms towards {AI}},
  booktitle = {"Large-Scale Kernel Machines"},
  year = {2007},
  editor = {"Bottou, L. and Chapelle, O. and DeCoste, D. and Weston, J."},
  publisher = {"MIT Press"}
}

@INPROCEEDINGS{Bengio:TheProblemOfLearning,
	author={Bengio, Yoshua and Frasconi, Paolo and Simard, Patrice},
	booktitle={Neural Networks, 1993., IEEE International Conference on},
	title={The problem of learning long-term dependencies in recurrent networks},
	year={1993},
	month={},
	volume={3},
	number={},
	pages={1183-1188}
}

@ARTICLE{Bertschinger:RTComputationEdgeOfChaos,
  author = {Bertschinger, Nils and Natschl\"{a}ger, Thomas},
  title = {Real-time computation at the edge of chaos in recurrent neural networks},
  journal = {Neural Comput.},
  year = {2004},
  volume = {16},
  pages = {1413-1436},
  number = {7},
  address = {Cambridge, MA, USA},
  publisher = {MIT Press}
}

@ARTICLE{boedecker:Initialization,
  author = {Boedecker, Joschka and Obst, Oliver and Mayer, Norbert Michael and Asada, Minoru},
  title = {Initialization and self-organized optimization of recurrent neural network connectivity},
  journal = {HFSP Journal},
  year = {2009},
  volume = {3},
  pages = {340-349},
  number = {5},
  publisher = {HFSP},
  url = {http://link.aip.org/link/?HFS/3/340/1}
}

@INPROCEEDINGS{Bush:ImprovingTheRichness,
  author = {Bush, Keith and Tsendjav, Batsukh},
  title = {Improving the richness of echo state features using next ascent local search},
  booktitle = {Proceedings of the Artificial Neural Networks In Engineering Conference},
  year = {2005},
  pages = {227-232},
  address = {St. Louis, MO}
}

@ARTICLE{Doya:Bifurcations,
  author = {Kenji Doya},
  title = {Bifurcations of Recurrent Neural Networks in Gradient Descent Learning},
  journal = {IEEE Transactions on Neural Networks},
  year = {1993},
  volume = {1},
  pages = {75-80}
}

@INCOLLECTION{Fernando:PatternRecognition,
  author = {Fernando, Chrisantha and Sojakka, Sampsa},
  title = {Pattern Recognition in a Bucket},
  booktitle = {Advances in Artificial Life},
  publisher = {Springer Berlin / Heidelberg},
  year = {2003},
  series = {Lecture Notes In Computer Science},
  pages = {588-597},
  journal = {Advances in Artificial Life}
}

@article{Gallicchio:ArchitecturalAndMarkovian,
	author = {Gallicchio, Claudio and Micheli, Alessio},
	title = "Architectural and Markovian factors of {Echo State Networks}",
	journal = "Neural Networks",
	volume = "24",
	number = "5",
	pages = "440-456",
	year = "2011",
	issn = "0893-6080",
	doi = "10.1016/j.neunet.2011.02.002",
	url = "http://www.sciencedirect.com/science/article/pii/S0893608011000530",
	keywords = "Recurrent neural networks",
	keywords = "Echo state networks",
	keywords = "Markovianity",
	keywords = "Architectural design analysis",
	keywords = "Sequence processing"
}

@INPROCEEDINGS{Gallicchio:GraphESN,
	author={Gallicchio, Claudio and Micheli, Alessio},
	booktitle={Proceedings of the International Joint Conference on Neural Networks (IJCNN) 2010},
	title={{G}raph {E}cho {S}tate {N}etworks},
	year={2010},
	month={July},
	volume={},
	number={},
	pages={1-8}
}

@INPROCEEDINGS{Gallicchio:TreeESN,
	author = {Gallicchio, Claudio and Micheli, Alessio},
	title = {{TreeESN}: a preliminary experimental analysis},
	booktitle = {Proceedings of the ESANN 2010},
	year = {2010},
	pages = {333-338, d-side},
}

@ARTICLE{Huang:ELM,
  author = {Huang, Guang-Bin and Zhu, Qin-Yu and Siew, Chee-Kheong},
  title = {{Extreme Learning Machine}: theory and applications},
  journal = {Neurocomputing},
  year = {2006},
  volume = {70},
  pages = {489-501},
  number = {1-3},
  month = {December}
}

@INPROCEEDINGS{Jaeger:ReservoirRiddles,
  author = {Jaeger, Herbert},
  title = {Reservoir Riddles: Suggestions for {E}cho {S}tate {N}etwork Research (Extended Abstract of Invited Talk)},
  booktitle = {Proceedings of the International Joint Conference on Neural Networks 2005},
  year = {2005},
  pages = {1460-1462},
  month = {August},
  journal = {Proceedings of the International Joint Conference on Neural Networks},
  keywords = {ESN}
}

@TECHREPORT{Jaeger:DiscoveringMultiscale,
  author = {Jaeger, Herbert},
  title = {Discovering multiscale dynamical features with hierarchical {E}cho {S}tate {N}etworks},
  institution = {Jacobs University Bremen},
  year = {2001},
  type = {Technical Report},
  number = {No. 9},
  note = {\url{http://wwwback.jacobs-university.de/imperia/md/content/groups/research/techreports/hierarchicalesn_techrep10.pdf}}
}

@TECHREPORT{Jaeger:EchoStateApproach,
  author = {Jaeger, Herbert},
  title = {The ``echo state'' approach to analyzing and training recurrent neural networks},
  institution = {German National Research Center for information Technology},
  year = {2001},
  type = {Technical Report GMD Report},
  number = {148},
  note = {\url{http://www.faculty.iu-bremen.de/hjaeger/pubs/EchoStatesTechRep.pdf}}
}

@TECHREPORT{Jaeger:ShortTermMemory,
  author = {Jaeger, Herbert},
  title = {Short term memory in {E}cho {S}tate {N}etworks},
  institution = {German National Research Center for information Technology},
  year = {2001},
  type = {Technical Report GMD Report},
  number = {152},
  note = {\url{http://www.faculty.iu-bremen.de/hjaeger/pubs/STMEchoStatesTechRep.pdf}}
}

@ARTICLE{Jaeger:HarnessingNonlinearity,
  author = {Jaeger, Herbert and Haas, Harald },
  title = {Harnessing Nonlinearity: Predicting Chaotic Systems and Saving Energy in Wireless Communication},
  journal = {Science},
  year = {2004},
  volume = {304},
  pages = {78-80},
  number = {5667},
  month = {April}
}

@article{Jaeger:OptimizationAndApplications,
	author = "Herbert Jaeger and Mantas Lukosevicius and Dan Popovici and Udo Siewert",
	title = "Optimization and applications of {E}cho {S}tate {N}etworks with leaky-integrator neurons",
	journal = "Neural Networks",
	volume = "20",
	number = "3",
	pages = "335 - 352",
	year = "2007"
}

@ARTICLE{Jaeger:SpecialIssue,
  author = {Jaeger, Herbert and Maass, Wolfgang and Principe, Jose},
  title = {Editorial: Special issue on {E}cho {S}tate {N}etworks and {L}iquid {S}tate {M}achines},
  journal = {Neural Networks},
  year = {2007},
  volume = {20},
  pages = {287-289},
  number = {3},
  publisher = {Elsevier Science Ltd.},
  address = {Oxford, UK, UK},
  doi = {http://dx.doi.org/10.1016/j.neunet.2007.04.001},
  issn = {0893-6080},
}

@INPROCEEDINGS{Jiang:SupervisedAndEvolutionaryLeraning,
  author = {Jiang, Fei and Berry, Hugues and Schoenauer, Marc},
  title = {Supervised and Evolutionary Learning of {E}cho {S}tate {N}etworks},
  booktitle = {Proceedings of the 10th international conference on Parallel Problem Solving from Nature},
  year = {2008},
  pages = {215-224},
  address = {Berlin, Heidelberg},
  publisher = {Springer-Verlag},
  doi = {http://dx.doi.org/10.1007/978-3-540-87700-4_22},
  isbn = {978-3-540-87699-1},
  location = {Dortmund, Germany}
}

@ARTICLE{Legenstein:EdgeOfChaos,
  author = {Legenstein, Robert and Maass, Wolfgang},
  title = {Edge of chaos and prediction of computational performance for neural microcircuit models},
  journal = {Neural Networks},
  year = {2007},
  volume = {20},
  pages = {323-334},
  number = {3}
}

@TECHREPORT{Lukosevicius:ESNwithTrainedFeedbacks,
  author = {Luko\v{s}evi\v{c}ius, Mantas},
  title = {{E}cho {S}tate {N}etworks with Trained Feedbacks},
  institution = {Jacobs University Bremen},
  year = {2007},
  type = {Technical Report},
  number = {No. 4},
  note = {\url{http://wwwback.jacobs-university.de/imperia/md/content/groups/research/techreports/tfbesn_iubtechreport.pdf}}
}

@ARTICLE{Lukosevicius:ESN-Survey,
  author = {Luko\v{s}evi\v{c}ius, Mantas and Jaeger, Herbert},
  title = {{R}eservoir {C}omputing approaches to recurrent neural network training},
  journal = {Computer Science Review},
  year = {2009},
  volume = {3},
  pages = {127-149},
  number = {3},
  month = {August}
}

@INPROCEEDINGS{Maass:PrinciplesOfRealTime,
  author = {Maass, Wolfgang and Joshi, Prashant and Sontag, Eduardo D.},
  title = {Principles of real-time computing with feedback applied to cortical microcircuit models},
  booktitle = {Proceedings of Advances in Neural Information Processing Systems},
  year = {2006},
  pages = {835-842},
  publisher = {MIT Press}
}

@INPROCEEDINGS{Maass:MethodsForEstimating,
  author = {Maass, Wolfgang and Legenstein, Robert and Bertschinger, Nils},
  title = {Methods for estimating the computational power and generalization capability of neural microcircuits},
  booktitle = {Advances in Neural Information Processing Systems},
  year = {2005},
  pages = {865-872},
  publisher = {MIT Press}
}

@INPROCEEDINGS{Maass:ModelForRealTimeComputation,
  author = {Maass, Wolfgang and Natschl\"{a}ger, Thomas and Markram, Henry},
  title = {A Model for Real-Time Computation in Generic Neural Microcircuits},
  booktitle = {{NIPS} 2002},
  year = {2003},
  editor = {Becker, S. and Thrun, S. and Obermayer, K.},
  series = {Advances in Neural Information Processing Systems},
  publisher = {MIT Press}
}

@ARTICLE{Maas:LSM,
  author = {Maass, Wolfgang and Natschl\"{a}ger, Thomas and Markram, Henry},
  title = {Real-time computing without stable states: a new framework for neural computation based on perturbations},
  journal = {Neural {C}omput},
  year = {2002},
  volume = {14},
  pages = {2531-60},
  number = {11}
}

@INPROCEEDINGS{Prokhorov:AppealAndChallenges,
  author = {Prokhorov, Danil},
  title = {{E}cho {S}tate {N}etworks: appeal and challenges},
  booktitle = {Neural Networks, 2005. IJCNN '05. Proceedings. 2005 IEEE International Joint Conference on},
  year = {2005},
  volume = {3},
  pages = {1463-1466 vol. 3},
  journal = {Neural Networks, 2005. IJCNN '05. Proceedings. 2005 IEEE International Joint Conference on}
}

@ARTICLE{Schmidhuber:Evolino,
  author = {Schmidhuber, J\"{u}rgen and Wierstra, Daan and Gagliolo, Matteo and Gomez, Faustino},
  title = {Training recurrent networks by {E}volino},
  journal = {Neural Computation},
  year = {2007},
  volume = {19},
  pages = {2007}
}

@ARTICLE{Schrauwen:ImprovingReservoirsUsingIP,
  author = {Schrauwen, Benjamin and Wardermann, Marion and Verstraeten, David and Steil, Jochen J. and Stroobandt, Dirk},
  title = {Improving reservoirs using {I}ntrinsic {P}lasticity},
  journal = {Neurocomputing},
  year = {2008},
  volume = {71},
  pages = {1159-1171},
  number = {7-9},
  address = {Amsterdam, The Netherlands},
  doi = {http://dx.doi.org/10.1016/j.neucom.2007.12.020},
  issn = {0925-2312},
  publisher = {Elsevier Science Publishers B. V.}
}

@ARTICLE{Song:Effects,
  author = {Qingsong Song and Zuren Feng},
  title = {Effects of connectivity structure of complex {E}cho {S}tate {N}etwork on its prediction performance for nonlinear time series},
  journal = {Neurocomputing},
  year = {2010},
  volume = {73},
  pages = {2177 - 2185},
  number = {10-12}
}

@CONFERENCE{Steil:MemoryInBPDC,
  author = {Steil, Jochen J.},
  title = {Memory in {B}ackpropagation-{D}ecorrelation {O(N)} Efficient Online Recurrent Learning},
  booktitle = {LNCS},
  year = {2005},
  volume = {3697},
  pages = {649-654},
  month = {September}
}

@CONFERENCE{Steil:BPDC,
  author = {Steil, Jochen J.},
  title = {{B}ackpropagation-{D}ecorrelation: online recurrent learning with {O(N)} complexity},
  booktitle = {Proc. IJCNN},
  year = {2004},
  volume = {1},
  pages = {843-848},
  month = {July},
  attachments = {http://www.cor-lab.de/corlab/cms/sites/default/files/Steil_BPDC_IJCNN2004.pdf},
  keywords = {CoR-Lab Publication}
}

@ARTICLE{Tino:MarkovianArchitecturalBias,
  author = {Ti\v{n}o, Peter and \v{C}er\v{n}ansk\'y, Michal and Be\v{n}u\v{s}kov\'a, \v{L}ubica},
  title = {Markovian Architectural Bias of Recurrent Neural Networks},
  journal = {IEEE Transactions on Neural Networks},
  year = {2004},
  volume = {15},
  pages = {6-15},
  number = {1}
}

@INPROCEEDINGS{Triesch:AGradientRule,
  author = {Triesch, Jochen},
  title = {A gradient rule for the plasticity of a neuron's intrinsic excitability},
  booktitle = {Proceedings of the International Conference on Artificial Neural Networks, 2005},
  year = {2005},
  pages = {65-70},
  publisher = {Springer}
}

@INPROCEEDINGS{Triesch:Synergies,
  author = {Triesch, Jochen},
  title = {Synergies between intrinsic and synaptic plasticity in individual model neurons},
  booktitle = {Advances in Neural Information Processing Systems 17},
  year = {2005},
  pages = {1417-1424},
  publisher = {MIT Press}
}

@ARTICLE{Werbos:BPTT,
  author = {Werbos, Paul J.},
  title = {{B}ackpropagation {T}hrough {T}ime: what it does and how to do it},
  journal = {Proceedings of the IEEE},
  year = {2002},
  volume = {78},
  pages = {1550-1560},
  number = {10},
  month = {August},
  booktitle = {Proceedings of the IEEE}
}

@ARTICLE{White:ShortTermMemory,
  author = {White, Olivia L. and Lee, Daniel D. and Sompolinsky, Haim },
  title = {Short-Term Memory in Orthogonal Neural Networks},
  journal = {Phys. Rev. Lett.},
  year = {2004},
  volume = {92},
  pages = {148102},
  number = {14},
  month = {April},
  doi = {10.1103/PhysRevLett.92.148102},
  numpages = {4},
  publisher = {American Physical Society}
}

@ARTICLE{Williams:RTRL,
  author = {Williams, Ronald J. and Zipser, David},
  title = {A learning algorithm for continually running fully recurrent neural networks},
  journal = {Neural Comput.},
  year = {1989},
  volume = {1},
  pages = {270-280},
  number = {2},
  address = {Cambridge, MA, USA},
  doi = {http://dx.doi.org/10.1162/neco.1989.1.2.270},
  issn = {0899-7667},
  publisher = {MIT Press}
}

@INPROCEEDINGS{Wyffels:BandPass,
  author = {Wyffels, Francis and Schrauwen, Benjamin and Verstraeten, David and Stroobandt, Dirk},
  title = {Band-pass reservoir computing},
  booktitle = {Proceedings of the International Joint Conference on Neural Networks},
  year = {2008},
  editor = {Hou, Z. and Zhang, N.},
  pages = {3203-3208},
  address = {Hong Kong},
}

@TECHREPORT{Siewert:EchoStateWithBandPass,
  author = {Udo Siewert and Welf Wustlich},
  title = {{E}cho-{S}tate {N}etworks with Band-Pass Neurons: Towards Generic Time-Scale-Independent Reservoir Structures},  
  month = {October},
  year = {2007},
  address = {Raben-Steinfeld, Germany},
  keywords = {bandpassneurons, ESN, recurrent neural networks, reservoir computing},
  publisher = {Planet intelligent systems GmbH},
  type = {Internal report},
  note = {\url{http://snn.elis.ugent.be/sites/snn/files/EsnBandPass_20071017.pdf}}
}

@INPROCEEDINGS{Legenstein:WhatMakes,
  author = {Legenstein, Robert and Maass,Wolfgang},
  title = {What makes a dynamical system computationally powerful?},
  booktitle = {New directions in statistical signal processing: From systems to brain},
  year = {2007},
  editor = {S. Haykin, J. C. Principe, T. Sejnowski and J. McWhirter},
  pages = {127-–154},
  publisher = {Cambridge: MIT Press}
}

@ARTICLE{Steil:OnlineReservoirAdaptation,
  author = {Steil, Jochen J.},
  title = {Online reservoir adaptation by {I}ntrinsic {P}lasticity for {B}ackpropagation-{D}ecorrelation and {E}cho {S}tate learning.},
  journal = {Neural networks : the official journal of the International Neural Network Society},
  year = {2007},
  volume = {20},
  pages = {353-364},
  number = {3},
  month = {April},
  address = {Honda Research Institute Europe GmbH, Offenbach, Germany. jsteil@techfak.uni-bielefeld.de},
  doi = {10.1016/j.neunet.2007.04.011},
  issn = {0893-6080},
  keywords = {echo\_state\_learning, intrinsic\_plasticity, reservoir\_computing},
  posted-at = {2008-09-27 17:39:56},
  priority = {0},
  url = {http://dx.doi.org/10.1016/j.neunet.2007.04.011}
}

@inproceedings{Wardermann:IntrinsicPlasticity,
  author    = {Wardermann, Marion and Steil, Jochen J.},
  title     = {{I}ntrinsic {P}lasticity for reservoir learning algorithms},
  booktitle = {ESANN},
  year      = {2007},
  pages     = {513-518}
}

@ARTICLE{Stemmler:HowVoltageDependent,
  author = {Stemmler, Martin and Koch, Christof},
  title = {How voltage-dependent conductances can adapt to maximize the information encoded by neuronal firing rate.},
  journal = {Nature Neuroscience},
  year = {1999},
  volume = {2},
  pages = {521-7},
  number = {6},
  issn = {1097-6256},
  pubmedid = {10448216},
  url = {http://www.biomedsearch.com/nih/How-voltage-dependent-conductances-can/10448216.html}
}

@inproceedings{Boedecker:StudiesOnReservoir,
	Address = {Evere, Belgium},
	Author = {Boedecker, Joschka and Obst, Oliver and Mayer, Norbert Michael and Asada, Minoru},
	Booktitle = {Proceedings of the 17th European Symposium On Artificial Neural Networks ({ESANN}'09)},
	Editor = {Michel Verleysen},
	Month = {April},
	Pages = {227-232},
	Publisher = {D-Side Publications},
	Title = {Studies on Reservoir Initialization and Dynamics Shaping in {E}cho {S}tate {N}etworks},
	Year = 2009
}

@inproceedings{Verstraeten:AdaptingReservoirStates,
  author    = {David Verstraeten and Benjamin Schrauwen and Dirk Stroobandt},
  title     = {Adapting reservoir states to get Gaussian distributions},
  booktitle = {ESANN},
  year      = {2007},
  pages     = {495-500}
}

@inproceedings{Mayer:SelfPrediction,
  author    = {Norbert Michael Mayer and Matthew Browne},
  title     = {{E}cho {S}tate {N}etworks and Self-Prediction},
  booktitle = {BioADIT},
  year      = {2004},
  pages     = {40-48}
}

@article{Ozturk:analysisAndDesign,
 author = {Ozturk, Mustafa C. and Xu, Dongming and Pr\'{\i}ncipe, Jos\'{e} C.},
 title = {Analysis and design of {E}cho {S}tate {N}etworks},
 journal = {Neural Computation},
 volume = {19},
 number = {1},
 year = {2007},
 issn = {0899-7667},
 pages = {111-138},
 doi = {http://dx.doi.org/10.1162/neco.2007.19.1.111},
 publisher = {MIT Press},
 address = {Cambridge, MA, USA},
 }

@INPROCEEDINGS{Ishii:identificationOfMotion,
	author={Ishii, Kazuo and van der Zant, Tijn and Be\v{c}anovi\'{c}, Vlatko and Pl\"{o}ger, Paul},
	booktitle={Proceedings of the OCEANS 2004 MTTS/IEEE -- TECHNO-OCEAN 2004 Conference}, 
	title={Identification of motion with {E}cho {S}tate {N}etwork},
	year={2004},
	month={November},
	volume={3},
	number={},
	pages={1205-1210},
	doi={10.1109/OCEANS.2004.1405751}	
}

@INPROCEEDINGS{Rad:reservoirOptimization,
	author={Rad, Ali Ajdari and Jalili, Mahdi and Hasler, Martin},
	booktitle={Proceedings of IEEE International Symposium on Circuits and Systems, 2008}, 
	title={Reservoir optimization in recurrent neural networks using {K}ronecker kernels},
	year={2008},
	month={May},
	volume={},
	number={},
	pages={868-871},
	doi={10.1109/ISCAS.2008.4541556}
}

@ARTICLE{Wiskott:SlowFeatureAnalysis,
  author = {Wiskott, Laurenz and Sejnowski, Terrence J.},
  title = {Slow feature analysis: unsupervised learning of invariances.},
  journal = {Neural computation},
  year = {2002},
  volume = {14},
  pages = {715-770},
  number = {4},
  month = {April},
  address = {Computational Neurobiology Laboratory, Salk Institute for Biological Studies, San Diego, CA 92168, USA. l.wiskott@biologie.hu-berlin.de},
  day = {1},
  doi = {10.1162/089976602317318938},
  issn = {0899-7667},
  posted-at = {2009-08-06 16:11:56},
  priority = {2},
  url = {http://dx.doi.org/10.1162/089976602317318938}
}

@ARTICLE{Atiya:APRL,
    author = {Atiya, Amir F. and Parlos, Alexander G.},
    title = {New Results on Recurrent Network Training: Unifying the Algorithms and Accelerating Convergence},
    journal = {IEEE Trans. Neural Networks},
    year = {2000},
    volume = {11},
    pages = {697-709}
}

@article{Shi:SupportVectorESN,
  author    = {Shi, Zhiwei and Han, Min},
  title     = {{S}upport {V}ector {E}cho-{S}tate {M}achine for Chaotic Time-Series Prediction},
  journal   = {IEEE Transactions on Neural Networks},
  volume    = {18},
  number    = {2},
  year      = {2007},
  pages     = {359-372}
}

@inproceedings{Wyffels:stableOutputFeedback,
	author= {Wyffels, Francis and  Schrauwen, Benjamin and  Stroobandt, Dirk},
	title= {Stable Output Feedback in Reservoir Computing Using Ridge Regression},
	booktitle= {Proceedings of the 18th International Conference on Artificial Neural Networks},
	year= {2008},
	pages= {808-817}, 
	editor= {Kurkova, V. and Neruda, R. and Koutnik, J.},
	publisher= {Springer},
	address= {Prague}
}

@MISC{Bush:exploitingIsoError,
    author = {Keith A. Bush and Charles W. Anderson},
    title = {Exploiting Iso-error Pathways in the {N,k}-plane to Improve {E}cho {S}tate {N}etwork Performance},
    year = {2006}
}

@article{Holzmann:ESN,
title = {{E}cho {S}tate {N}etworks with filter neurons and a delay\&sum readout},
journal = {Neural Networks},
volume = {23},
number = {2},
pages = {244-256},
year = {2010},
issn = {0893-6080},
doi = {DOI: 10.1016/j.neunet.2009.07.004},
url = {http://www.sciencedirect.com/science/article/B6T08-4WSHK33-3/2/bf795496bae88b972b057b56c560c62c},
author = {Georg Holzmann and Helmut Hauser},
keywords = {Echo state networks},
keywords = {Reservoir computing},
keywords = {Nonlinear dynamical system modeling},
keywords = {Delay learning},
keywords = {Time series prediction}
}

@inproceedings{Schrauwen:AnOverview,
author= {Schrauwen, Benjamin and  Verstraeten, David and  Van Campenhout, Jan},
title= {An overview of {R}eservoir {C}omputing: theory, applications and implementations},
booktitle= {Proceedings of the 15th European Symposium on Artificial Neural Networks},
year= {2007},
month= {April},
pages= {471-482}
}

@BOOK{Hastie:EOSL,
  title = {The Elements of Statistical Learning},
  publisher = {Springer},
  year = {2003},
  author = {Hastie, Trevor and Tibshirani, Robert and Friedman, Jerome H.},
  edition = {Corrected},
  month = {July},
  day = {30},
  howpublished = {Hardcover},
  isbn = {0387952845},
  keywords = {machine-learning, statistic},
  posted-at = {2007-02-13 15:09:19},
  priority = {2},
  url = {http://www.amazon.com/exec/obidos/redirect?tag=citeulike07-20\&path=ASIN/0387952845}
}

@INPROCEEDINGS{Fahlman:CC,
    author = {Scott E. Fahlman and Christian Lebiere},
    title = {The {C}ascade-{C}orrelation learning architecture},
    booktitle = {Advances in Neural Information Processing Systems 2},
    year = {1990},
    pages = {524-532},
    publisher = {Morgan Kaufmann}
}

@inproceedings{John:CascadeCorrelation,
    author = {George H. John},
    title = {{C}ascade {C}orrelation: Derivation of a More Numerically Stable Update Rule},
    booktitle = {International Conference on Neural Networks},
    publisher = {IEEE Press},
    year = {1995},
    pages= {471-482}
}

@article{Smieja:NeuralNetworkConstructive,
 author = {\'{S}mieja, Frank J.},
 title = {Neural network constructive algorithms: trading generalization for learning efficiency?},
 journal = {Circuits Syst. Signal Process.},
 volume = {12},
 issue = {2},
 month = {February},
 year = {1993},
 issn = {0278-081X},
 pages = {331-374},
 numpages = {44},
 url = {http://dx.doi.org/10.1007/BF01189880},
 doi = {http://dx.doi.org/10.1007/BF01189880},
 acmid = {177138},
 publisher = {Birkhauser Boston Inc.},
 address = {Cambridge, MA, USA},
}

@ARTICLE{Hammer:RNNWithSmallWeights,
    author = {Hammer, Barbara and Ti\v{n}o, Peter},
    title = {Recurrent Neural Networks With Small Weights Implement Definite Memory Machines},
    journal = {Neural Ccomputation},
    year = {2003},
    volume = {15},
    pages = {1897-1929}
}

@ARTICLE{Tino:ArchitecturalBias,
    author = {Ti\v{n}o, Peter and Hammer, Barbara},
    title = {Architectural Bias in Recurrent Neural Networks - Fractal Analysis},
    journal = {IEEE Transactions on Neural Networks},
    year = {1931},
    volume = {15},
    pages = {6-15}
}

@INPROCEEDINGS{Ron:ThePowerOfAmnesia,
    author = {Ron, Dana and Singer, Yoram and Tishby, Naftali},
    title = {The Power of Amnesia: Learning Probabilistic Automata with Variable Memory Length},
    booktitle = {Machine Learning},
    year = {1996},
    pages = {117-149}
}

@article{Littmann:learningAndGeneralization,
 author = {Littmann, Enno and Ritter, Helge},
 title = {Learning and generalization in cascade network architectures},
 journal = {Neural Comput.},
 volume = {8},
 issue = {7},
 month = {October},
 year = {1996},
 issn = {0899-7667},
 pages = {1521-1539},
 numpages = {19},
 url = {http://dl.acm.org/citation.cfm?id=1362127.1362135},
 doi = {10.1162/neco.1996.8.7.1521},
 acmid = {1362135},
 publisher = {MIT Press},
 address = {Cambridge, MA, USA},
}

@ARTICLE{Frasconi:AGeneralFramework,
    author = {Frasconi, Paolo and Gori, Marco and Sperduti, Alessandro},
    title = {A General Framework for Adaptive Processing of Data Structures},
    journal = {{IEEE} Transactions on Neural Networks},
    year = {1998},
    volume = {9},
    pages = {768-786}
}

@ARTICLE{Sperduti:SupervisedNeuralNetworks,
    author = {Sperduti, Alessandro and Starita, Antonina},
    title = {Supervised Neural Networks for the Classification of Structures},
    journal = {IEEE Transactions on Neural Networks},
    year = {1997},
    volume = {8},
    pages = {714-735}
}

@ARTICLE{Micheli:ContextualProcessing,
    author = {Micheli, Alessio and Sona, Diego and Sperduti, Alessandro},
    title = {Contextual processing of structured data by recursive cascade correlation},
    journal = {IEEE Transactions on Neural Networks},
    year = {2003},
    volume = {15},
    pages = {1396-1410}
}

@article{Micheli:NN4G,
  author    = {Micheli, Alessio},
  title     = {{Neural Network for Graphs}: a contextual constructive approach},
  journal   = {IEEE Transactions on Neural Networks},
  volume    = {20},
  number    = {3},
  year      = {2009},
  pages     = {498-511}
}

@ARTICLE{Scarselli:GNN,
	author={Scarselli, Franco and Gori, Marco and Ah Chung Tsoi and Hagenbuchner, Markus and Monfardini, Gabriele},
	journal={IEEE Transactions on Neural Networks},
	title={{The Graph Neural Network Model}},
	year={2009},
	month={January},
	volume={20},
	number={1},
	pages={61-80},
	doi={10.1109/TNN.2008.2005605},
	ISSN={1045-9227}
}

@article{Bianucci:ApplicationOfCascade,
  author    = {Bianucci, Anna Maria and Micheli, Alessio and Sperduti, Alessandro and Starita, Antonina},
  title     = {Application of Cascade Correlation Networks for Structures to Chemistry},
  journal   = {Appl. Intell.},
  volume    = {12},
  number    = {1-2},
  year      = {2000},
  pages     = {115-145}
}

@article{Hammer:UniversalApproximation,
  author    = {Hammer, Barbara and Micheli, Alessio and Sperduti, Alessandro},
  title     = {Universal Approximation Capability of Cascade Correlation for Structures},
  journal   = {Neural Computation},
  volume    = {17},
  number    = {5},
  year      = {2005},
  pages     = {1109-1159}
}

@article{Helma:ThePTC,
  author    = {Helma, Christoph and King, Ross D. and Kramer, Stefan and Srinivasan, Ashwin},
  title     = {The Predictive Toxicology Challenge 2000-2001},
  journal   = {Bioinformatics},
  volume    = {17},
  number    = {1},
  year      = {2001},
  pages     = {107-108}
}

@inproceedings{Frohlich:OptimalAssignment,
 author = {Fr\"{o}hlich, Holger and Wegner, J\"{o}rg K. and Sieker, Florian and Zell, Andreas},
 title = {Optimal assignment kernels for attributed molecular graphs},
 booktitle = {Proceedings of the 22nd international conference on Machine learning},
 series = {ICML '05},
 year = {2005},
 isbn = {1-59593-180-5},
 location = {Bonn, Germany},
 pages = {225-232},
 numpages = {8},
 url = {http://doi.acm.org/10.1145/1102351.1102380},
 doi = {http://doi.acm.org/10.1145/1102351.1102380},
 acmid = {1102380},
 publisher = {ACM},
 address = {New York, NY, USA},
} 

@article{Verstraeten:AnExperimentalUnification,
    author = {Verstraeten, David and Schrauwen, Benjamin and D'Haene, Michiel and Stroobandt, Dirk},
    doi = {10.1016/j.neunet.2007.04.003},
    issn = {08936080},
    journal = {Neural Networks},
    month = {April},
    number = {3},
    pages = {391-403},
    posted-at = {2010-12-17 10:46:15},
    priority = {2},
    title = {{An experimental unification of reservoir computing methods}},
    url = {http://dx.doi.org/10.1016/j.neunet.2007.04.003},
    volume = {20},
    year = {2007}
}

@INPROCEEDINGS{Srinivasan:Mutagenesis,
    author = {Srinivasan, Ashwin and Muggleton, Stephen H. and King, Ross D. and Sternberg, Michael J. E.},
    title = {Mutagenesis: {ILP} experiments in a non-determinate biological domain},
    booktitle = {Proceedings of the 4th International Workshop on Inductive Logic Programming},
    volume = {237},
    year = {1994},
    pages = {217-232}
}

@article{Webb:MultilayerCorrective,
 author = {Webb, Russell Y.},
 title = {MULTI-LAYER CORRECTIVE CASCADE ARCHITECTURE FOR ON-LINE PREDICTIVE ECHO STATE NETWORKS},
 journal = {Appl. Artif. Intell.},
 volume = {22},
 issue = {7-8},
 month = {August},
 year = {2008},
 issn = {0883-9514},
 pages = {811-823},
 numpages = {13},
 url = {http://dl.acm.org/citation.cfm?id=1451363.1451372},
 doi = {10.1080/08839510802170587},
 acmid = {1451372},
 publisher = {Taylor \& Francis, Inc.},
 address = {Bristol, PA, USA},
} 

@BOOK{Martelli:IntroductionToDiscrete,
  title = {Introduction to Discrete Dynamical Systems and Chaos},
  publisher = {Wiley},
  year = {1999},
  author = {Mario Martelli}
}

@book{Haykin:NN,
    address = {New York},
    author = {Haykin, Simon},
    publisher = {Macmillan},
    title = {{Neural Networks: A Comprehensive Foundation}},
    year = {1994}
}

@book{Mitchell:ML,
    author = {Mitchell, Tom},
    publisher = {McGraw Hill},
    title = {{Machine Learning}},
    year = {1997}
}

@article{Baldi:ThePrincipledDesign,
 author = {Baldi, Pierre and Pollastri, Gianluca},
 title = {The principled design of large-scale recursive neural network architectures--{DAG}-{RNN}s and the protein structure prediction problem},
 journal = {J. Mach. Learn. Res.},
 volume = {4},
 month = {December},
 year = {2003},
 issn = {1532-4435},
 pages = {575--602},
 numpages = {28},
 url = {http://dx.doi.org/10.1162/153244304773936054},
 doi = {http://dx.doi.org/10.1162/153244304773936054},
 acmid = {945379},
 publisher = {JMLR.org},
} 

@ARTICLE{Prechelt:InvestigationOfTheCasCor,
    author = {Prechelt, Lutz},
    title = {Investigation of the {CasCor} Family of Learning Algorithms},
    journal = {Neural Networks},
    year = {1996},
    volume = {10},
    pages = {885--896}
}

@article{Bertinetto:EvaluationOfHierarchical,
author = "Bertinetto, Carlo and Duce, Celia and Micheli, Alessio and Solaro, Roberto and Starita, Antonina and Tin\'{e}, Maria Rosaria",
title = "Evaluation of hierarchical structured representations for {QSPR} studies of small molecules and polymers by recursive neural networks",
journal = "Journal of Molecular Graphics and Modelling",
volume = "27",
number = "7",
pages = "797-802",
year = "2009",
issn = "1093-3263",
doi = "10.1016/j.jmgm.2008.12.001",
url = "http://www.sciencedirect.com/science/article/pii/S1093326308001721",
keywords = "QSPR",
keywords = "Recursive neural network",
keywords = "Molecular representation",
keywords = "Cyclic structure",
keywords = "Cheminformatics",
keywords = "Poly(meth)acrylates",
keywords = "Ionic liquids"
}

@article{Micheli:AnalysisOfTheInternal,
author = {Micheli, Alessio and Sperduti, Alessandro and Starita, Antonina and Bianucci, Anna Maria},
title = {Analysis of the Internal Representations Developed by Neural Networks for Structures Applied to Quantitative Structure-Activity Relationship Studies of Benzodiazepines},
journal = {Journal of Chemical Information and Computer Sciences},
volume = {41},
number = {1},
pages = {202-218},
year = {2001},
doi = {10.1021/ci9903399},
URL = {http://pubs.acs.org/doi/abs/10.1021/ci9903399},
eprint = {http://pubs.acs.org/doi/pdf/10.1021/ci9903399}
}

@article{Tsoi:DiscreteTimeRNN, 
title={Discrete time recurrent neural network architectures: A unifying review}, 
author={Tsoi, Ah Chung and Back, Andrew}, 
volume={15}, 
url={http://linkinghub.elsevier.com/retrieve/pii/S0925231297001616}, 
number={3-4}, 
journal={Neurocomputing}, 
year={1997}, 
pages={183-223}
}

@article{Elman:FindingStructure,
  author={Elman, Jeffrey L.},
  title={Finding structure in time},
  journal={Cognitive Science},
  year={1990},
  volume={14},
  number={2},
  pages={179-211},
  doi={10.1016/0364-0213(90)90002-E},
  url={http://www.isrl.uiuc.edu/~amag/langev/paper/elman90findingStructure.html}
}

@book{Bishop:NNFPR,
 author = {Bishop, Christopher M.},
 title = {Neural Networks for Pattern Recognition},
 year = {1995},
 isbn = {0198538642},
 publisher = {Oxford University Press, Inc.},
 address = {New York, NY, USA},
} 

@article{Cybenko:ApproximationBySuperpositions,
  author = {Cybenko, George},
  title = {Approximation by Superpositions of a Sigmoidal Function},
  added-at = {2008-03-11T14:52:34.000+0100},
  biburl = {http://www.bibsonomy.org/bibtex/213bb93b8812940a05dbffc1062db3983/idsia},
  citeulike-article-id = {2380191},
  interhash = {96aecb02daa11041489259a8edb54070},
  intrahash = {13bb93b8812940a05dbffc1062db3983},
  journal = {Mathematics of Control, Signals, and Systems},
  keywords = {inaki},
  pages = {303-314},
  priority = {2},
  timestamp = {2008-03-11T14:52:34.000+0100},  
  volume = {2},
  year = {1989}
}

@inproceedings{Reinhart:ReservoirRegularization,
	author = {Reinhart, Felix R. and Steil, Jochen J.},
	title = {Reservoir regularization stabilizes learning of  {Echo State Networks} with output feedback},
	booktitle = {European Symposium on Artificial Neural Networks},
	year = {2011},
	month = {April},
	pages = {59-64},
	keywords = {CoR-Lab Publication},
	attachments = {http://www.cor-lab.de/system/files/ReinhartSteilESANN2011.pdf}	
}

@INPROCEEDINGS {Gallicchio:ConstructiveReservoir,
	author = {Gallicchio, Claudio and Micheli, Alessio and Visco, Giulio},
	title = {Constructive Reservoir Computation with Output Feedbacks for Structured Domains},
	booktitle = {Proceedings of the ESANN 2012},
	year = {2012},
	note = {To appear}
}

@inproceedings{Gallicchio:ExploitingVerticesStates,
  author    = {Gallicchio, Claudio and Micheli, Alessio},
  title     = {Exploiting vertices states in {GraphESN} by weighted nearest neighbor},
  booktitle = {ESANN},
  year      = {2011}
}

@inbook{Rumelhart:LearningInternal,
 author = {Rumelhart, David E. and Hinton, Geoffrey E. and Williams, Ronald J.},
 title = {Learning internal representations by error propagation},
 book = {Parallel distributed processing: explorations in the microstructure of cognition, vol. 1},
 year = {1986},
 isbn = {0-262-68053-X},
 pages = {318-362},
 numpages = {45},
 url = {http://dl.acm.org/citation.cfm?id=104279.104293},
 acmid = {104293},
 publisher = {MIT Press},
 address = {Cambridge, MA, USA}
} 

@inbook{Hall:TheMolecularConnectivity,
author = {Hall, Lowell H. and Kier, Lemont B.},
title = {The Molecular Connectivity Chi Indexes and Kappa Shape Indexes in Structure-Property Modeling},
publisher = {John Wiley \& Sons, Inc.},
pages = {367-422},
booktitle = {Reviews in Computational Chemistry},
year = {2007}
}

@incollection{Hammer:AdaptiveContextualProcessing,
  author    = {Barbara Hammer and Alessio Micheli and Alessandro Sperduti},
  title     = {Adaptive Contextual Processing of Structured Data by Recursive Neural Networks: A Survey of Computational Properties},
  booktitle = {Perspectives of Neural-Symbolic Integration},
  year      = {2007},
  pages     = {67-94}
}

@inproceedings{Vapnik:RiskMinimization,
  author    = {Vladimir Vapnik},
  title     = {Principles of Risk Minimization for Learning Theory},
  booktitle = {NIPS},
  year      = {1991},
  pages     = {831-838}
}

@INPROCEEDINGS{Frohlich:AssignmentKernels,
author={ Fr\"{o}hlich, Holger and Wegner, J\"{o}rg K. and Zell, Andreas},
booktitle={IJCNN '05. Proceedings. 2005 IEEE International Joint Conference on Neural Networks},
title={Assignment kernels for chemical compounds},
year={2005},
month={July},
volume={2},
number={},
pages={913-918}
}

@Book{Jolliffe:PCA,
author = {Jolliffe, Ian T.},
title = {Principal Component  Analysis},
publisher = {Springer, second edition},
year = {2002},
month = {October}
}

@article{Kazius:Bursi,
author = {Kazius, Jeroen and McGuire, Ross and Bursi, Roberta},
title = {Derivation and Validation of Toxicophores for Mutagenicity Prediction},
journal = {Journal of Medicinal Chemistry},
volume = {48},
number = {1},
pages = {312-320},
year = {2005}
}

@Article{Ferrari:AnOpenSource,
AUTHOR = {Ferrari, Thomas and Gini, Giuseppina},
TITLE = {An open source multistep model to predict mutagenicity from statistical analysis and relevant structural alerts},
JOURNAL = {Chemistry Central Journal},
VOLUME = {4},
YEAR = {2010},
NUMBER = {Suppl 1},
PAGES = {S2}
}

@article{Sutherland:AComparisonOfMethods,
author = {Sutherland, Jeffrey J. and O'Brien, Lee A. and Weaver, Donald F.},
title = {A Comparison of Methods for Modeling Quantitative Structure-Activity Relationships},
journal = {Journal of Medicinal Chemistry},
volume = {47},
number = {22},
pages = {5541-5554},
year = {2004}
}

@article{Hinselmann:GraphKernels,
    author = "Georg Hinselmann and Nikolas Fechner and Andreas Jahn and Matthias Eckert and Andreas Zell",
    title = "Graph kernels for chemical compounds using topological and three-dimensional local atom pair environments",
    journal = "Neurocomputing",
    volume = "74",
    number = "1-3",
    pages = "219-229",
    year = "2010",
    issn = "0925-2312",
    doi = "10.1016/j.neucom.2010.03.008",
    url = "http://www.sciencedirect.com/science/article/pii/S0925231210001633"
}